<?xml version="1.0" encoding="UTF-8"?><collection xmlns="http://www.loc.gov/MARC21/slim"><record><leader>00458nam--2200169-i-4500</leader><controlfield tag="001">000021648</controlfield><controlfield tag="002">20161230</controlfield><controlfield tag="005">20161230201034</controlfield><controlfield tag="008">060222s1000------------r-----000-0-eng-d</controlfield><datafield ind1=" " ind2=" " tag="040"><subfield code="a">IFIN-HH</subfield></datafield><datafield ind1=" " ind2=" " tag="080"><subfield code="a">535.37:539.1.08</subfield></datafield><datafield ind1="1" ind2=" " tag="100"><subfield code="a">Jelley, J.V</subfield></datafield><datafield ind1="1" ind2="0" tag="245"><subfield code="a">Cerenkov radiation and its applications</subfield><subfield code="c">J.v. jelley</subfield></datafield><datafield ind1=" " ind2=" " tag="260"><subfield code="a">London</subfield><subfield code="b">Pergamon Press</subfield><subfield code="c">1958</subfield></datafield><datafield ind1=" " ind2=" " tag="300"><subfield code="a">304P.+ X CU FIG</subfield></datafield><datafield ind1=" " ind2=" " tag="852"><subfield code="a">14007</subfield><subfield code="c">539.1.07:539.1.08</subfield></datafield><datafield ind1=" " ind2=" " tag="CAT"><subfield code="a">Sys</subfield><subfield code="c">20111018</subfield><subfield code="h">102809</subfield></datafield></record></collection>